% geneva-etal-2023-accentor

@mastersthesis{senyk-2025-implementing,
	title = "Implementing Text-to-Speech Synthesis with Voice Cloning for the {Ukrainian} Language",
	author = "Senyk, Anastasiia",
	year = 2025,
	school = "Ukrainian Catholic University, Faculty of Applied Sciences",
	type = "Master's Thesis",
	url = "https://hdl.handle.net/20.500.14570/5561"
}

% shopov-etal-2023-streamspeech

@inproceedings{gerazov-etal-2025-review,
	title = "A Review of the State of the Speech Synthesis Technology Landscape -- Neural {TTS} on the Edge",
	author = "Gerazov, Branislav and Lazareva, Vanesa and Dimitrovska, Marija Markovska and Taskovski, Dimitar and Mavrou, Katerina and Theodorou, Eleni and Zanfardino, Francesco and Spera, Antonio and Mura, Antonello and Rybi{\'{n}}ska, Anna and May Agius and Todorovska, Danche and Charalambous-Darden, Nefi and {\L}uszczak, Katarzyna and Pagliara, Silvio",
	booktitle = "Technology for Inclusion and Participation for All: Recent Achievements and Future Directions",
	editor="Mavrou, Katerina and Encarna{\c{c}}{\~a}o, Pedro",
	month = sep,
	year = "2025",
	venue = "Nicosia, Cyprus",
	publisher = "Springer",
	isbn = "978-3-032-01631-7",
	doi = "10.1007/978-3-032-01632-4_10",
	pages = "76--83"
}

@misc{bai-etal-2025-speakstream,
	title = "SpeakStream: Streaming Text-to-Speech with Interleaved Data",
	author = "Bai, Richard He and Gu, Zijin and Likhomanenko, Tatiana and Jaitly, Navdeep",
	month = may,
	year = "2025",
	eprint = "2505.19206",
	archivePrefix = "arXiv",
	primaryClass = "cs.CL",
	doi = "10.48550/arXiv.2505.19206"
}

@inproceedings{reus-etal-2024-tungnaa,
	title = "{Tungnaá}: A Hyper-realistic Voice Synthesis Instrument for Real-Time Exploration of Extended Vocal Expressions",
	author = "Reus, Jonathan Chaim and Shepardson, Victor and Magnusson, Thor",
	booktitle = "Proceedings of the 23rd International Conference on New Interfaces for Musical Expression",
	editor = "Bin, S. M. Astrid and Reed, Courtney N.",
	month = sep,
	year = "2024",
	venue = "Utrecht, Netherlands",
	publisher = "International Conference on New Interfaces for Musical Expression",
	issn = "2220-4806",
	doi = "10.5281/zenodo.13904943",
	pages = "536--540",
	addendum = "Indexed in Scopus"
}

% geneva-shopov-2019-towards

@inproceedings{margova-bruinsma-2024-look,
	title = "Look Who's Talking: The Most Frequently Used Words in the {Bulgarian} Parliament 1990-2024",
	author = "Margova, Ruslana and Bruinsma, Bastiaan",
	booktitle = "Proceedings of the 6th International Conference on Computational Linguistics in {Bulgaria}",
	editor = "Koeva, Svetla",
	month = sep,
	year = "2024",
	venue = "Sofia, Bulgaria",
	publisher = "Department of Computational Linguistics, Institute for Bulgarian Language, Bulgarian Academy of Sciences",
	issn = "2367-5578",
	url = "https://aclanthology.org/2024.clib-1.27/",
	pages = "249--256",
	addendum = "Indexed in Web of Science and Scopus"
}

@article{varona-etal-2024-bilingual,
	title = "A Bilingual {Basque}--{Spanish} Dataset of Parliamentary Sessions for the Development and Evaluation of Speech Technology",
	author = "Varona, Amparo and Penagarikano, Mikel and Bordel, Germán and Rodriguez-Fuentes, Luis Javier",
	journal = "Applied Sciences",
	volume = "14",
	number = "5",
	month = mar,
	year = "2024",
	publisher = "Multidisciplinary Digital Publishing Institute",
	issn = "2076-3417",
	doi = "10.3390/app14051951",
	eid = "1951",
	addendum = "Indexed in Web of Science and Scopus"
}

@article{virkkunen-etal-2023-finnish,
	title = "{Finnish} Parliament {ASR} Corpus: Analysis, Benchmarks and Statistics",
	author = "Virkkunen, Anja and Rouhe, Aku and Phan, Nhan and Kurimo, Mikko",
	journal = "Language Resources and Evaluation",
	volume = "57",
	number = "4",
	month = dec,
	year = "2023",
	publisher = "Springer",
	issn = "1574-020X",
	doi = "10.1007/s10579-023-09650-7",
	pages = "1645--1670",
	addendum = "Indexed in Web of Science and Scopus"
}

@mastersthesis{rouvalis-2023-grec,
	title = "{GREC}: Multi-domain Speech Recognition for the {Greek} Language",
	author = "Rouvalis, Georgios G.",
	month = jan,
	year = 2023,
	school = "National and Kapodistrian University of Athens, School of Sciences",
	type = "Master's Thesis",
	url = "https://pergamos.lib.uoa.gr/uoa/dl/object/3262636/file.pdf"
}

@inproceedings{dimitrova-2021-bulgarian,
	title = "{Bulgarian} Speech Corpora: A Review",
	author = "Dimitrova, Denitsa",
	booktitle = "Proceedings of the 2021 International {CLaDA-BG} Conference on Language Technologies and Digital Humanities in {Bulgaria}",
	editor = "Osenova, Petya and Simov, Kiril",
	month = sep,
	year = "2021",
	venue = "Varna, Bulgaria",
	publisher = "INCOMA",
	isbn = "978-954-452-094-6",
	url = "https://www.clada-bg.eu/images/Proceedings-CLaDA-BG-2021.pdf#page=9",
	pages = "3--16"
}

@inproceedings{kirkedal-etal-2020-ft,
	title = "{FT Speech}: {Danish} Parliament Speech Corpus",
	author = "Kirkedal, Andreas and Stepanović, Marija and Plank, Barbara",
	booktitle = "Proceedings of the 21th Annual Conference of the International Speech Communication Association",
	month = oct,
	year = "2020",
	venue = "Shanghai, China",
	publisher = "International Speech Communication Association",
	issn = "2958-1796",
	isbn = "978-1-7138-2069-7",
	doi = "10.21437/Interspeech.2020-3164",
	pages = "442--446",
	addendum = "Indexed in Web of Science and Scopus"
}

@inproceedings{kratochvil-etal-2020-large,
	title = "Large Corpus of {Czech} Parliament Plenary Hearings",
	author = "Kratochvil, Jon{\'a}{\v{s}} and Pol{\'a}k, Peter and Bojar, Ond{\v{r}}ej",
	booktitle = "Proceedings of the 12th Language Resources and Evaluation Conference",
	editor = "Calzolari, Nicoletta and B{\'e}chet, Fr{\'e}d{\'e}ric and Blache, Philippe and Choukri, Khalid and Cieri, Christopher and Declerck, Thierry and Goggi, Sara and Isahara, Hitoshi and Maegaard, Bente and Mariani, Joseph and Mazo, H{\'e}l{\`e}ne and Moreno, Asuncion and Odijk, Jan and Piperidis, Stelios",
	month = may,
	year = "2020",
	venue = "Marseille, France",
	publisher = "European Language Resources Association",
	isbn = "979-10-95546-34-4",
    	url = "https://aclanthology.org/2020.lrec-1.781",
	pages = "6363--6367",
	addendum = "Indexed in Web of Science and Scopus"
}
