@inproceedings{shopov-gerdjikov-2024-consistent,
  title = "Consistent Bidirectional Language Modelling: Expressive Power and
    Representational Conciseness",
  author = "Shopov, Georgi and Gerdjikov, Stefan",
  booktitle = "Proceedings of the 2024 Conference on Empirical Methods in
    Natural Language Processing",
  editor = "Al-Onaizan, Yaser and Bansal, Mohit and Chen, Yun-Nung",
  month = nov,
  year = "2024",
  venue = "Miami, Florida, USA",
  publisher = "Association for Computational Linguistics",
  isbn = "979-8-89176-164-3",
  doi = "10.18653/v1/2024.emnlp-main.328",
  pages = "5724--5768",
  addendum = "Indexed in Scopus"
}

@article{geneva-etal-2023-algorithms,
  title = "Algorithms for Probabilistic and Stochastic Subsequential Failure
    Transducers",
  author = "Geneva, Diana and Shopov, Georgi and Mihov, Stoyan",
  journal = "International Journal of Foundations of Computer Science",
  volume = "34",
  number = "8",
  month = dec,
  year = "2023",
  publisher = "World Scientific",
  issn = "0129-0541",
  doi = "10.1142/S012905412243002X",
  pages = "1023--1049",
  addendum = "Indexed in Web of Science (IF 0.600, Q4) and
    Scopus (SJR 0.373, Q2)"
}

@inproceedings{geneva-etal-2023-accentor,
  title = "{Accentor}: An Explicit Lexical Stress Model for {TTS} Systems",
  author = "Geneva, Diana and Shopov, Georgi and Garov, Kostadin and
    Todorova, Maria and Gerdjikov, Stefan and Mihov, Stoyan",
  booktitle = "Proceedings of the 24th Annual Conference of the International
    Speech Communication Association",
  month = aug,
  year = "2023",
  venue = "Dublin, Ireland",
  publisher = "International Speech Communication Association",
  issn = "2958-1796",
  isbn = "978-1-7138-8880-2",
  doi = "10.21437/Interspeech.2023-433",
  pages = "4848--4852",
  addendum = "Indexed in Web of Science and Scopus"
}

@inproceedings{shopov-etal-2023-streamspeech,
  title = "{StreamSpeech}: Low-Latency Neural Architecture for High-Quality
    On-Device Speech Synthesis",
  author = "Shopov, Georgi and Gerdjikov, Stefan and Mihov, Stoyan",
  booktitle = "Proceedings of the 2023 {IEEE} International Conference on
    Acoustics, Speech and Signal Processing",
  month = jun,
  year = "2023",
  venue = "Rhodes Island, Greece",
  publisher = "Institute of Electrical and Electronics Engineers",
  issn = "1520-6149",
  isbn = "978-1-7281-6328-4",
  doi = "10.1109/ICASSP49357.2023.10096566",
  pages = "1--5",
  addendum = "Indexed in Scopus (SJR 1.050)"
}

@inproceedings{geneva-etal-2021-algorithms,
  title = "Algorithms for Probabilistic andÂ Stochastic Subsequential Failure
    Transducers",
  author = "Geneva, Diana and Shopov, Georgi and Mihov, Stoyan",
  booktitle = "Proceedings of the 25th International Conference on
    Implementation and Application of Automata",
  editor = "Maneth, Sebastian",
  series = "Lecture Notes in Computer Science",
  volume = "12803",
  month = jul,
  year = "2021",
  venue = "Virtual, Online",
  publisher = "Springer",
  issn = "0302-9743",
  isbn = "978-3-030-79120-9",
  doi = "10.1007/978-3-030-79121-6_11",
  pages = "127--139",
  addendum = "Indexed in Web of Science and Scopus (SJR 0.407, Q2)"
}

@misc{geneva-etal-2020-composition,
  title = "Composition and Weight Pushing of Monotonic Subsequential Failure
    Transducers Representing Probabilistic Models",
  author = "Geneva, Diana and Shopov, Georgi and Mihov, Stoyan",
  month = may,
  year = "2020",
  eprint = "2003.09364",
  archivePrefix = "arXiv",
  primaryClass = "cs.FL",
  doi = "10.48550/arXiv.2003.09364"
}

@inproceedings{geneva-etal-2019-building,
  title = "Building an {ASR} Corpus Based on {Bulgarian} Parliament Speeches",
  author = "Geneva, Diana and Shopov, Georgi and Mihov, Stoyan",
  booktitle = "Proceedings of the 7th International Conference on Statistical
    Language and Speech Processing",
  editor = "Mart{\'i}n-Vide, Carlos and Purver, Matthew and Pollak, Senja",
  series = "Lecture Notes in Computer Science",
  month = oct,
  volume = "11816",
  year = "2019",
  venue = "Ljubljana, Slovenia",
  publisher = "Springer",
  issn = "0302-9743",
  isbn = "978-3-030-31371-5",
  doi = "10.1007/978-3-030-31372-2_16",
  pages = "188--197",
  addendum = "Indexed in Scopus (SJR 0.427, Q2)"
}

@inproceedings{geneva-shopov-2019-towards,
  title = "Towards Accurate Text Verbalization for {ASR} Based on Audio
    Alignment",
  author = "Geneva, Diana and Shopov, Georgi",
  booktitle = "Proceedings of the 6th Student Research Workshop Associated with
    the 12th International Conference on Recent Advances in Natural Language
    Processing",
  editor = "Kovatchev, Venelin and Temnikova, Irina and
    {\v{S}}andrih, Branislava and Nikolova, Ivelina",
  month = sep,
  year = "2019",
  venue = "Varna, Bulgaria",
  publisher = "INCOMA",
  issn = "2603-2821",
  url = "https://aclanthology.org/R19-2007/",
  doi = "10.26615/issn.2603-2821.2019_007",
  pages = "39--47"
}
